[
  {
    "_id": "62ca096a30b85adc0b28cd05",
    "created_at": "2022-07-09T23:04:10.375Z",
    "data": {
      "Gross Profit": {
        "2020-12-31": 0,
        "2020-11-30": 0,
        "2020-10-31": 0,
        "2020-09-30": 0,
        "2020-08-31": 0,
        "2020-07-31": 0,
        "2020-06-30": 0,
        "2020-05-31": 0,
        "2020-04-30": 0,
        "2020-03-31": 0,
        "2020-02-29": 0,
        "2020-01-31": 0,
        "2021-12-31": 3750.02,
        "2021-11-30": 2916.69,
        "2021-10-31": 6000.02,
        "2021-09-30": 5583.35,
        "2021-08-31": 4750.01,
        "2021-07-31": 4333.34,
        "2021-06-30": 3916.67,
        "2021-05-31": 3500,
        "2021-04-30": 0,
        "2021-03-31": 0,
        "2021-02-28": 0,
        "2021-01-31": 0,
        "2022-07-31": 31936.92,
        "2022-06-30": 23713.33,
        "2022-05-31": 15210.21,
        "2022-04-30": 8845.85,
        "2022-03-31": 3916.68,
        "2022-02-28": 4333.35,
        "2022-01-31": 3750.02
      },
      "Net Profit": {
        "2020-12-31": 0,
        "2020-11-30": 0,
        "2020-10-31": 0,
        "2020-09-30": 0,
        "2020-08-31": 0,
        "2020-07-31": 0,
        "2020-06-30": 0,
        "2020-05-31": 0,
        "2020-04-30": 0,
        "2020-03-31": 0,
        "2020-02-29": 0,
        "2020-01-31": 0,
        "2021-12-31": 3120.16,
        "2021-11-30": -3673.36,
        "2021-10-31": -498.36,
        "2021-09-30": -6884.36,
        "2021-08-31": -7632.94,
        "2021-07-31": -7961.99,
        "2021-06-30": -8286.28,
        "2021-05-31": -2556,
        "2021-04-30": -6056,
        "2021-03-31": 0,
        "2021-02-28": 0,
        "2021-01-31": 0,
        "2022-07-31": 14660.28,
        "2022-06-30": 7034.64,
        "2022-05-31": 7018.47,
        "2022-04-30": 6110.55,
        "2022-03-31": 2456.01,
        "2022-02-28": 3873.73,
        "2022-01-31": 3202.78
      },
      "Other Revenue": {
        "2021-12-31": 0,
        "2021-11-30": 0,
        "2021-10-31": 3500,
        "2021-09-30": 3500,
        "2021-08-31": 3500,
        "2021-07-31": 3500,
        "2021-06-30": 3500,
        "2021-05-31": 3500,
        "2021-04-30": 0,
        "2021-03-31": 0,
        "2021-02-28": 0,
        "2021-01-31": 0,
        "2022-07-31": 0,
        "2022-06-30": 0,
        "2022-05-31": 0,
        "2022-04-30": 0,
        "2022-03-31": 0,
        "2022-02-28": 0,
        "2022-01-31": 0,
        "2020-10-31": null,
        "2020-02-29": null,
        "2020-09-30": null,
        "2020-01-31": null,
        "2020-03-31": null,
        "2020-11-30": null,
        "2020-12-31": null,
        "2020-07-31": null,
        "2020-06-30": null,
        "2020-04-30": null,
        "2020-08-31": null,
        "2020-05-31": null
      },
      "Sales": {
        "2021-12-31": 3750.02,
        "2021-11-30": 2916.69,
        "2021-10-31": 2500.02,
        "2021-09-30": 2083.35,
        "2021-08-31": 1250.01,
        "2021-07-31": 833.34,
        "2021-06-30": 416.67,
        "2021-05-31": 0,
        "2021-04-30": 0,
        "2021-03-31": 0,
        "2021-02-28": 0,
        "2021-01-31": 0,
        "2022-07-31": 33886.92,
        "2022-06-30": 24963.33,
        "2022-05-31": 15210.21,
        "2022-04-30": 8845.85,
        "2022-03-31": 3916.68,
        "2022-02-28": 4333.35,
        "2022-01-31": 3750.02,
        "2020-10-31": null,
        "2020-02-29": null,
        "2020-09-30": null,
        "2020-01-31": null,
        "2020-03-31": null,
        "2020-11-30": null,
        "2020-12-31": null,
        "2020-07-31": null,
        "2020-06-30": null,
        "2020-04-30": null,
        "2020-08-31": null,
        "2020-05-31": null
      },
      "Total Income": {
        "2021-12-31": 3750.02,
        "2021-11-30": 2916.69,
        "2021-10-31": 6000.02,
        "2021-09-30": 5583.35,
        "2021-08-31": 4750.01,
        "2021-07-31": 4333.34,
        "2021-06-30": 3916.67,
        "2021-05-31": 3500,
        "2021-04-30": 0,
        "2021-03-31": 0,
        "2021-02-28": 0,
        "2021-01-31": 0,
        "2022-07-31": 33886.92,
        "2022-06-30": 24963.33,
        "2022-05-31": 15210.21,
        "2022-04-30": 8845.85,
        "2022-03-31": 3916.68,
        "2022-02-28": 4333.35,
        "2022-01-31": 3750.02,
        "2020-10-31": null,
        "2020-02-29": null,
        "2020-09-30": null,
        "2020-01-31": null,
        "2020-03-31": null,
        "2020-11-30": null,
        "2020-12-31": null,
        "2020-07-31": null,
        "2020-06-30": null,
        "2020-04-30": null,
        "2020-08-31": null,
        "2020-05-31": null
      },
      "Consulting": {
        "2021-12-31": 0,
        "2021-11-30": 1800,
        "2021-10-31": 1800,
        "2021-09-30": 3600,
        "2021-08-31": 3600,
        "2021-07-31": 3600,
        "2021-06-30": 3600,
        "2021-05-31": 1800,
        "2021-04-30": 1800,
        "2021-03-31": 0,
        "2021-02-28": 0,
        "2021-01-31": 0,
        "2022-07-31": 0,
        "2022-06-30": 0,
        "2022-05-31": 0,
        "2022-04-30": 0,
        "2022-03-31": 0,
        "2022-02-28": 0,
        "2022-01-31": 0,
        "2020-10-31": null,
        "2020-02-29": null,
        "2020-09-30": null,
        "2020-01-31": null,
        "2020-03-31": null,
        "2020-11-30": null,
        "2020-12-31": null,
        "2020-07-31": null,
        "2020-06-30": null,
        "2020-04-30": null,
        "2020-08-31": null,
        "2020-05-31": null
      },
      "General Expenses": {
        "2021-12-31": 0,
        "2021-11-30": 4000,
        "2021-10-31": 4000,
        "2021-09-30": 8000,
        "2021-08-31": 8000,
        "2021-07-31": 8000,
        "2021-06-30": 8000,
        "2021-05-31": 4000,
        "2021-04-30": 4000,
        "2021-03-31": 0,
        "2021-02-28": 0,
        "2021-01-31": 0,
        "2022-07-31": 418.33,
        "2022-06-30": 418.33,
        "2022-05-31": 174.04,
        "2022-04-30": 103.95,
        "2022-03-31": 0,
        "2022-02-28": 0,
        "2022-01-31": 0,
        "2020-10-31": null,
        "2020-02-29": null,
        "2020-09-30": null,
        "2020-01-31": null,
        "2020-03-31": null,
        "2020-11-30": null,
        "2020-12-31": null,
        "2020-07-31": null,
        "2020-06-30": null,
        "2020-04-30": null,
        "2020-08-31": null,
        "2020-05-31": null
      },
      "Light, Power, Heating": {
        "2021-12-31": 629.86,
        "2021-11-30": 534.05,
        "2021-10-31": 442.38,
        "2021-09-30": 355.71,
        "2021-08-31": 270.95,
        "2021-07-31": 183.33,
        "2021-06-30": 90.95,
        "2021-05-31": 0,
        "2021-04-30": 0,
        "2021-03-31": 0,
        "2021-02-28": 0,
        "2021-01-31": 0,
        "2022-07-31": 551.08,
        "2022-06-30": 651.79,
        "2022-05-31": 735.84,
        "2022-04-30": 503.03,
        "2022-03-31": 476.29,
        "2022-02-28": 459.62,
        "2022-01-31": 547.24,
        "2020-10-31": null,
        "2020-02-29": null,
        "2020-09-30": null,
        "2020-01-31": null,
        "2020-03-31": null,
        "2020-11-30": null,
        "2020-12-31": null,
        "2020-07-31": null,
        "2020-06-30": null,
        "2020-04-30": null,
        "2020-08-31": null,
        "2020-05-31": null
      },
      "Printing & Stationery": {
        "2021-12-31": 0,
        "2021-11-30": 256,
        "2021-10-31": 256,
        "2021-09-30": 512,
        "2021-08-31": 512,
        "2021-07-31": 512,
        "2021-06-30": 512,
        "2021-05-31": 256,
        "2021-04-30": 256,
        "2021-03-31": 0,
        "2021-02-28": 0,
        "2021-01-31": 0,
        "2022-07-31": 83.67,
        "2022-06-30": 83.67,
        "2022-05-31": 18.09,
        "2022-04-30": 18.09,
        "2022-03-31": 0,
        "2022-02-28": 0,
        "2022-01-31": 0,
        "2020-10-31": null,
        "2020-02-29": null,
        "2020-09-30": null,
        "2020-01-31": null,
        "2020-03-31": null,
        "2020-11-30": null,
        "2020-12-31": null,
        "2020-07-31": null,
        "2020-06-30": null,
        "2020-04-30": null,
        "2020-08-31": null,
        "2020-05-31": null
      },
      "Total Operating Expenses": {
        "2021-12-31": 629.86,
        "2021-11-30": 6590.05,
        "2021-10-31": 6498.38,
        "2021-09-30": 12467.71,
        "2021-08-31": 12382.95,
        "2021-07-31": 12295.33,
        "2021-06-30": 12202.95,
        "2021-05-31": 6056,
        "2021-04-30": 6056,
        "2021-03-31": 0,
        "2021-02-28": 0,
        "2021-01-31": 0,
        "2022-07-31": 17276.64,
        "2022-06-30": 16678.69,
        "2022-05-31": 8191.74,
        "2022-04-30": 2735.3,
        "2022-03-31": 1460.67,
        "2022-02-28": 459.62,
        "2022-01-31": 547.24,
        "2020-10-31": null,
        "2020-02-29": null,
        "2020-09-30": null,
        "2020-01-31": null,
        "2020-03-31": null,
        "2020-11-30": null,
        "2020-12-31": null,
        "2020-07-31": null,
        "2020-06-30": null,
        "2020-04-30": null,
        "2020-08-31": null,
        "2020-05-31": null
      },
      "Purchases": {
        "2022-07-31": 1950,
        "2022-06-30": 1250,
        "2022-05-31": 0,
        "2022-04-30": 0,
        "2022-03-31": 0,
        "2022-02-28": 0,
        "2022-01-31": 0,
        "2021-12-31": 0,
        "2021-11-30": 0,
        "2021-10-31": 0,
        "2021-09-30": 0,
        "2021-08-31": 0,
        "2020-10-31": null,
        "2020-02-29": null,
        "2020-09-30": null,
        "2020-01-31": null,
        "2020-03-31": null,
        "2021-01-31": null,
        "2021-06-30": null,
        "2020-11-30": null,
        "2021-02-28": null,
        "2021-05-31": null,
        "2020-12-31": null,
        "2021-07-31": null,
        "2020-07-31": null,
        "2020-06-30": null,
        "2021-03-31": null,
        "2020-04-30": null,
        "2020-08-31": null,
        "2021-04-30": null,
        "2020-05-31": null
      },
      "Total Cost of Sales": {
        "2022-07-31": 1950,
        "2022-06-30": 1250,
        "2022-05-31": 0,
        "2022-04-30": 0,
        "2022-03-31": 0,
        "2022-02-28": 0,
        "2022-01-31": 0,
        "2021-12-31": 0,
        "2021-11-30": 0,
        "2021-10-31": 0,
        "2021-09-30": 0,
        "2021-08-31": 0,
        "2020-10-31": null,
        "2020-02-29": null,
        "2020-09-30": null,
        "2020-01-31": null,
        "2020-03-31": null,
        "2021-01-31": null,
        "2021-06-30": null,
        "2020-11-30": null,
        "2021-02-28": null,
        "2021-05-31": null,
        "2020-12-31": null,
        "2021-07-31": null,
        "2020-07-31": null,
        "2020-06-30": null,
        "2021-03-31": null,
        "2020-04-30": null,
        "2020-08-31": null,
        "2021-04-30": null,
        "2020-05-31": null
      },
      "Advertising & Marketing": {
        "2022-07-31": 8711.46,
        "2022-06-30": 8711.46,
        "2022-05-31": 1666.67,
        "2022-04-30": 0,
        "2022-03-31": 0,
        "2022-02-28": 0,
        "2022-01-31": 0,
        "2021-12-31": 0,
        "2021-11-30": 0,
        "2021-10-31": 0,
        "2021-09-30": 0,
        "2021-08-31": 0,
        "2020-10-31": null,
        "2020-02-29": null,
        "2020-09-30": null,
        "2020-01-31": null,
        "2020-03-31": null,
        "2021-01-31": null,
        "2021-06-30": null,
        "2020-11-30": null,
        "2021-02-28": null,
        "2021-05-31": null,
        "2020-12-31": null,
        "2021-07-31": null,
        "2020-07-31": null,
        "2020-06-30": null,
        "2021-03-31": null,
        "2020-04-30": null,
        "2020-08-31": null,
        "2021-04-30": null,
        "2020-05-31": null
      },
      "Audit & Accountancy fees": {
        "2022-07-31": 140.88,
        "2022-06-30": 140.88,
        "2022-05-31": 93.92,
        "2022-04-30": 46.96,
        "2022-03-31": 0,
        "2022-02-28": 0,
        "2022-01-31": 0,
        "2021-12-31": 0,
        "2021-11-30": 0,
        "2021-10-31": 0,
        "2021-09-30": 0,
        "2021-08-31": 0,
        "2020-10-31": null,
        "2020-02-29": null,
        "2020-09-30": null,
        "2020-01-31": null,
        "2020-03-31": null,
        "2021-01-31": null,
        "2021-06-30": null,
        "2020-11-30": null,
        "2021-02-28": null,
        "2021-05-31": null,
        "2020-12-31": null,
        "2021-07-31": null,
        "2020-07-31": null,
        "2020-06-30": null,
        "2021-03-31": null,
        "2020-04-30": null,
        "2020-08-31": null,
        "2021-04-30": null,
        "2020-05-31": null
      },
      "Bank Fees": {
        "2022-07-31": 30,
        "2022-06-30": 30,
        "2022-05-31": 30,
        "2022-04-30": 15,
        "2022-03-31": 0,
        "2022-02-28": 0,
        "2022-01-31": 0,
        "2021-12-31": 0,
        "2021-11-30": 0,
        "2021-10-31": 0,
        "2021-09-30": 0,
        "2021-08-31": 0,
        "2020-10-31": null,
        "2020-02-29": null,
        "2020-09-30": null,
        "2020-01-31": null,
        "2020-03-31": null,
        "2021-01-31": null,
        "2021-06-30": null,
        "2020-11-30": null,
        "2021-02-28": null,
        "2021-05-31": null,
        "2020-12-31": null,
        "2021-07-31": null,
        "2020-07-31": null,
        "2020-06-30": null,
        "2021-03-31": null,
        "2020-04-30": null,
        "2020-08-31": null,
        "2021-04-30": null,
        "2020-05-31": null
      },
      "Cleaning": {
        "2022-07-31": 99.23,
        "2022-06-30": 99.23,
        "2022-05-31": 99.23,
        "2022-04-30": 0,
        "2022-03-31": 0,
        "2022-02-28": 0,
        "2022-01-31": 0,
        "2021-12-31": 0,
        "2021-11-30": 0,
        "2021-10-31": 0,
        "2021-09-30": 0,
        "2021-08-31": 0,
        "2020-10-31": null,
        "2020-02-29": null,
        "2020-09-30": null,
        "2020-01-31": null,
        "2020-03-31": null,
        "2021-01-31": null,
        "2021-06-30": null,
        "2020-11-30": null,
        "2021-02-28": null,
        "2021-05-31": null,
        "2020-12-31": null,
        "2021-07-31": null,
        "2020-07-31": null,
        "2020-06-30": null,
        "2021-03-31": null,
        "2020-04-30": null,
        "2020-08-31": null,
        "2021-04-30": null,
        "2020-05-31": null
      },
      "Entertainment-100% business": {
        "2022-07-31": 44.66,
        "2022-06-30": 44.66,
        "2022-05-31": 26.33,
        "2022-04-30": 13,
        "2022-03-31": 0,
        "2022-02-28": 0,
        "2022-01-31": 0,
        "2021-12-31": 0,
        "2021-11-30": 0,
        "2021-10-31": 0,
        "2021-09-30": 0,
        "2021-08-31": 0,
        "2020-10-31": null,
        "2020-02-29": null,
        "2020-09-30": null,
        "2020-01-31": null,
        "2020-03-31": null,
        "2021-01-31": null,
        "2021-06-30": null,
        "2020-11-30": null,
        "2021-02-28": null,
        "2021-05-31": null,
        "2020-12-31": null,
        "2021-07-31": null,
        "2020-07-31": null,
        "2020-06-30": null,
        "2021-03-31": null,
        "2020-04-30": null,
        "2020-08-31": null,
        "2021-04-30": null,
        "2020-05-31": null
      },
      "Motor Vehicle Expenses": {
        "2022-07-31": 649.29,
        "2022-06-30": 306.5,
        "2022-05-31": 182.75,
        "2022-04-30": 0,
        "2022-03-31": 0,
        "2022-02-28": 0,
        "2022-01-31": 0,
        "2021-12-31": 0,
        "2021-11-30": 0,
        "2021-10-31": 0,
        "2021-09-30": 0,
        "2021-08-31": 0,
        "2020-10-31": null,
        "2020-02-29": null,
        "2020-09-30": null,
        "2020-01-31": null,
        "2020-03-31": null,
        "2021-01-31": null,
        "2021-06-30": null,
        "2020-11-30": null,
        "2021-02-28": null,
        "2021-05-31": null,
        "2020-12-31": null,
        "2021-07-31": null,
        "2020-07-31": null,
        "2020-06-30": null,
        "2021-03-31": null,
        "2020-04-30": null,
        "2020-08-31": null,
        "2021-04-30": null,
        "2020-05-31": null
      },
      "Postage, Freight & Courier": {
        "2022-07-31": 94.19,
        "2022-06-30": 0,
        "2022-05-31": 0,
        "2022-04-30": 0,
        "2022-03-31": 0,
        "2022-02-28": 0,
        "2022-01-31": 0,
        "2021-12-31": 0,
        "2021-11-30": 0,
        "2021-10-31": 0,
        "2021-09-30": 0,
        "2021-08-31": 0,
        "2020-10-31": null,
        "2020-02-29": null,
        "2020-09-30": null,
        "2020-01-31": null,
        "2020-03-31": null,
        "2021-01-31": null,
        "2021-06-30": null,
        "2020-11-30": null,
        "2021-02-28": null,
        "2021-05-31": null,
        "2020-12-31": null,
        "2021-07-31": null,
        "2020-07-31": null,
        "2020-06-30": null,
        "2021-03-31": null,
        "2020-04-30": null,
        "2020-08-31": null,
        "2021-04-30": null,
        "2020-05-31": null
      },
      "Rent": {
        "2022-07-31": 3937.52,
        "2022-06-30": 3937.52,
        "2022-05-31": 2953.14,
        "2022-04-30": 1968.76,
        "2022-03-31": 984.38,
        "2022-02-28": 0,
        "2022-01-31": 0,
        "2021-12-31": 0,
        "2021-11-30": 0,
        "2021-10-31": 0,
        "2021-09-30": 0,
        "2021-08-31": 0,
        "2020-10-31": null,
        "2020-02-29": null,
        "2020-09-30": null,
        "2020-01-31": null,
        "2020-03-31": null,
        "2021-01-31": null,
        "2021-06-30": null,
        "2020-11-30": null,
        "2021-02-28": null,
        "2021-05-31": null,
        "2020-12-31": null,
        "2021-07-31": null,
        "2020-07-31": null,
        "2020-06-30": null,
        "2021-03-31": null,
        "2020-04-30": null,
        "2020-08-31": null,
        "2021-04-30": null,
        "2020-05-31": null
      },
      "Repairs & Maintenance": {
        "2022-07-31": 886.3,
        "2022-06-30": 886.3,
        "2022-05-31": 886.3,
        "2022-04-30": 0,
        "2022-03-31": 0,
        "2022-02-28": 0,
        "2022-01-31": 0,
        "2021-12-31": 0,
        "2021-11-30": 0,
        "2021-10-31": 0,
        "2021-09-30": 0,
        "2021-08-31": 0,
        "2020-10-31": null,
        "2020-02-29": null,
        "2020-09-30": null,
        "2020-01-31": null,
        "2020-03-31": null,
        "2021-01-31": null,
        "2021-06-30": null,
        "2020-11-30": null,
        "2021-02-28": null,
        "2021-05-31": null,
        "2020-12-31": null,
        "2021-07-31": null,
        "2020-07-31": null,
        "2020-06-30": null,
        "2021-03-31": null,
        "2020-04-30": null,
        "2020-08-31": null,
        "2021-04-30": null,
        "2020-05-31": null
      },
      "Subscriptions": {
        "2022-07-31": 1234.8,
        "2022-06-30": 1219.9,
        "2022-05-31": 1219.9,
        "2022-04-30": 0,
        "2022-03-31": 0,
        "2022-02-28": 0,
        "2022-01-31": 0,
        "2021-12-31": 0,
        "2021-11-30": 0,
        "2021-10-31": 0,
        "2021-09-30": 0,
        "2021-08-31": 0,
        "2020-10-31": null,
        "2020-02-29": null,
        "2020-09-30": null,
        "2020-01-31": null,
        "2020-03-31": null,
        "2021-01-31": null,
        "2021-06-30": null,
        "2020-11-30": null,
        "2021-02-28": null,
        "2021-05-31": null,
        "2020-12-31": null,
        "2021-07-31": null,
        "2020-07-31": null,
        "2020-06-30": null,
        "2021-03-31": null,
        "2020-04-30": null,
        "2020-08-31": null,
        "2021-04-30": null,
        "2020-05-31": null
      },
      "Telephone & Internet": {
        "2022-07-31": 164.48,
        "2022-06-30": 119.37,
        "2022-05-31": 76.45,
        "2022-04-30": 37.43,
        "2022-03-31": 0,
        "2022-02-28": 0,
        "2022-01-31": 0,
        "2021-12-31": 0,
        "2021-11-30": 0,
        "2021-10-31": 0,
        "2021-09-30": 0,
        "2021-08-31": 0,
        "2020-10-31": null,
        "2020-02-29": null,
        "2020-09-30": null,
        "2020-01-31": null,
        "2020-03-31": null,
        "2021-01-31": null,
        "2021-06-30": null,
        "2020-11-30": null,
        "2021-02-28": null,
        "2021-05-31": null,
        "2020-12-31": null,
        "2021-07-31": null,
        "2020-07-31": null,
        "2020-06-30": null,
        "2021-03-31": null,
        "2020-04-30": null,
        "2020-08-31": null,
        "2021-04-30": null,
        "2020-05-31": null
      },
      "Travel - National": {
        "2022-07-31": 230.75,
        "2022-06-30": 29.08,
        "2022-05-31": 29.08,
        "2022-04-30": 29.08,
        "2022-03-31": 0,
        "2022-02-28": 0,
        "2022-01-31": 0,
        "2021-12-31": 0,
        "2021-11-30": 0,
        "2021-10-31": 0,
        "2021-09-30": 0,
        "2021-08-31": 0,
        "2020-10-31": null,
        "2020-02-29": null,
        "2020-09-30": null,
        "2020-01-31": null,
        "2020-03-31": null,
        "2021-01-31": null,
        "2021-06-30": null,
        "2020-11-30": null,
        "2021-02-28": null,
        "2021-05-31": null,
        "2020-12-31": null,
        "2021-07-31": null,
        "2020-07-31": null,
        "2020-06-30": null,
        "2021-03-31": null,
        "2020-04-30": null,
        "2020-08-31": null,
        "2021-04-30": null,
        "2020-05-31": null
      },
      "Net Assets": {
        "2020-12-31": 0,
        "2020-11-30": 0,
        "2020-10-31": 0,
        "2020-09-30": 0,
        "2020-08-31": 0,
        "2020-07-31": 0,
        "2020-06-30": 0,
        "2020-05-31": 0,
        "2020-04-30": 0,
        "2020-03-31": 0,
        "2020-02-29": 0,
        "2020-01-31": 0,
        "2021-12-31": -5075.17,
        "2021-11-30": -6229.36,
        "2021-10-31": -6554.36,
        "2021-09-30": -6884.36,
        "2021-08-31": -7632.94,
        "2021-07-31": -7961.99,
        "2021-06-30": -8286.28,
        "2021-05-31": -2556,
        "2021-04-30": -6056,
        "2021-03-31": 0,
        "2021-02-28": 0,
        "2021-01-31": 0,
        "2022-07-31": 9901.07,
        "2022-06-30": 1959.47,
        "2022-05-31": 880.78,
        "2022-04-30": -443.81,
        "2022-03-31": -4428.35,
        "2022-02-28": -3759.21,
        "2022-01-31": -4759.21
      },
      "Business Bank Account": {
        "2021-12-31": -3264.17,
        "2021-11-30": -3667.92,
        "2021-10-31": -4076.92,
        "2021-09-30": -4987.92,
        "2021-08-31": -5395.92,
        "2021-07-31": -5798.92,
        "2021-06-30": -3136.22,
        "2021-05-31": -7267.2,
        "2021-04-30": 0,
        "2021-03-31": 0,
        "2021-02-28": 0,
        "2021-01-31": 0,
        "2022-07-31": 924.25,
        "2022-06-30": 1350.5,
        "2022-05-31": 253.24,
        "2022-04-30": 368.87,
        "2022-03-31": -377.02,
        "2022-02-28": -1470.52,
        "2022-01-31": -1864.77,
        "2020-10-31": null,
        "2020-02-29": null,
        "2020-09-30": null,
        "2020-01-31": null,
        "2020-03-31": null,
        "2020-11-30": null,
        "2020-12-31": null,
        "2020-07-31": null,
        "2020-06-30": null,
        "2020-04-30": null,
        "2020-08-31": null,
        "2020-05-31": null
      },
      "Total Bank": {
        "2021-12-31": -3264.17,
        "2021-11-30": -3667.92,
        "2021-10-31": -4076.92,
        "2021-09-30": -4987.92,
        "2021-08-31": -5395.92,
        "2021-07-31": -5798.92,
        "2021-06-30": -3136.22,
        "2021-05-31": -7267.2,
        "2021-04-30": 0,
        "2021-03-31": 0,
        "2021-02-28": 0,
        "2021-01-31": 0,
        "2022-07-31": 924.25,
        "2022-06-30": 1350.5,
        "2022-05-31": 253.24,
        "2022-04-30": 368.87,
        "2022-03-31": -377.02,
        "2022-02-28": -1470.52,
        "2022-01-31": -1864.77,
        "2020-10-31": null,
        "2020-02-29": null,
        "2020-09-30": null,
        "2020-01-31": null,
        "2020-03-31": null,
        "2020-11-30": null,
        "2020-12-31": null,
        "2020-07-31": null,
        "2020-06-30": null,
        "2020-04-30": null,
        "2020-08-31": null,
        "2020-05-31": null
      },
      "Accounts Receivable": {
        "2021-12-31": 1500,
        "2021-11-30": 500,
        "2021-10-31": 500,
        "2021-09-30": 1000,
        "2021-08-31": 500,
        "2021-07-31": 500,
        "2021-06-30": 4700,
        "2021-05-31": 4200,
        "2021-04-30": 0,
        "2021-03-31": 0,
        "2021-02-28": 0,
        "2021-01-31": 0,
        "2022-07-31": 20441.38,
        "2022-06-30": 9223.08,
        "2022-05-31": 8057.45,
        "2022-04-30": 2750,
        "2022-03-31": 500,
        "2022-02-28": 1200,
        "2022-01-31": 500,
        "2020-10-31": null,
        "2020-02-29": null,
        "2020-09-30": null,
        "2020-01-31": null,
        "2020-03-31": null,
        "2020-11-30": null,
        "2020-12-31": null,
        "2020-07-31": null,
        "2020-06-30": null,
        "2020-04-30": null,
        "2020-08-31": null,
        "2020-05-31": null
      },
      "Total Current Assets": {
        "2021-12-31": 1500,
        "2021-11-30": 500,
        "2021-10-31": 500,
        "2021-09-30": 1000,
        "2021-08-31": 500,
        "2021-07-31": 500,
        "2021-06-30": 4700,
        "2021-05-31": 4200,
        "2021-04-30": 0,
        "2021-03-31": 0,
        "2021-02-28": 0,
        "2021-01-31": 0,
        "2022-07-31": 20441.38,
        "2022-06-30": 9223.08,
        "2022-05-31": 8057.45,
        "2022-04-30": 2750,
        "2022-03-31": 500,
        "2022-02-28": 1200,
        "2022-01-31": 500,
        "2020-10-31": null,
        "2020-02-29": null,
        "2020-09-30": null,
        "2020-01-31": null,
        "2020-03-31": null,
        "2020-11-30": null,
        "2020-12-31": null,
        "2020-07-31": null,
        "2020-06-30": null,
        "2020-04-30": null,
        "2020-08-31": null,
        "2020-05-31": null
      },
      "Total Assets": {
        "2021-12-31": -1764.17,
        "2021-11-30": -3167.92,
        "2021-10-31": -3576.92,
        "2021-09-30": -3987.92,
        "2021-08-31": -4895.92,
        "2021-07-31": -5298.92,
        "2021-06-30": 1563.78,
        "2021-05-31": -3067.2,
        "2021-04-30": 0,
        "2021-03-31": 0,
        "2021-02-28": 0,
        "2021-01-31": 0,
        "2022-07-31": 24045.59,
        "2022-06-30": 12156.91,
        "2022-05-31": 9894.02,
        "2022-04-30": 4702.2,
        "2022-03-31": 122.98,
        "2022-02-28": -270.52,
        "2022-01-31": -1364.77,
        "2020-10-31": null,
        "2020-02-29": null,
        "2020-09-30": null,
        "2020-01-31": null,
        "2020-03-31": null,
        "2020-11-30": null,
        "2020-12-31": null,
        "2020-07-31": null,
        "2020-06-30": null,
        "2020-04-30": null,
        "2020-08-31": null,
        "2020-05-31": null
      },
      "Accounts Payable": {
        "2021-12-31": 100.6,
        "2021-11-30": 96.25,
        "2021-10-31": 91,
        "2021-09-30": 89,
        "2021-08-31": 92,
        "2021-07-31": 97,
        "2021-06-30": 7362.7,
        "2021-05-31": 0,
        "2021-04-30": 7267.2,
        "2021-03-31": 0,
        "2021-02-28": 0,
        "2021-01-31": 0,
        "2022-07-31": 8668.24,
        "2022-06-30": 6207.08,
        "2022-05-31": 4805.15,
        "2022-04-30": 1240.79,
        "2022-03-31": 1181.25,
        "2022-02-28": 0,
        "2022-01-31": 105.75,
        "2020-10-31": null,
        "2020-02-29": null,
        "2020-09-30": null,
        "2020-01-31": null,
        "2020-03-31": null,
        "2020-11-30": null,
        "2020-12-31": null,
        "2020-07-31": null,
        "2020-06-30": null,
        "2020-04-30": null,
        "2020-08-31": null,
        "2020-05-31": null
      },
      "Historical Adjustment": {
        "2021-12-31": 4130.98,
        "2021-11-30": 4130.98,
        "2021-10-31": 4130.98,
        "2021-09-30": 4130.98,
        "2021-08-31": 4130.98,
        "2021-07-31": 4130.98,
        "2021-06-30": 4130.98,
        "2021-05-31": 0,
        "2021-04-30": 0,
        "2021-03-31": 0,
        "2021-02-28": 0,
        "2021-01-31": 0,
        "2022-07-31": 4130.98,
        "2022-06-30": 4130.98,
        "2022-05-31": 4130.98,
        "2022-04-30": 4130.98,
        "2022-03-31": 4130.98,
        "2022-02-28": 4130.98,
        "2022-01-31": 4130.98,
        "2020-10-31": null,
        "2020-02-29": null,
        "2020-09-30": null,
        "2020-01-31": null,
        "2020-03-31": null,
        "2020-11-30": null,
        "2020-12-31": null,
        "2020-07-31": null,
        "2020-06-30": null,
        "2020-04-30": null,
        "2020-08-31": null,
        "2020-05-31": null
      },
      "VAT": {
        "2021-12-31": -920.58,
        "2021-11-30": -1165.79,
        "2021-10-31": -1244.54,
        "2021-09-30": -1323.54,
        "2021-08-31": -1485.96,
        "2021-07-31": -1564.91,
        "2021-06-30": -1643.62,
        "2021-05-31": -511.2,
        "2021-04-30": -1211.2,
        "2021-03-31": 0,
        "2021-02-28": 0,
        "2021-01-31": 0,
        "2022-07-31": 1194.45,
        "2022-06-30": -175.52,
        "2022-05-31": 42.21,
        "2022-04-30": -260.66,
        "2022-03-31": -760.9,
        "2022-02-28": -642.29,
        "2022-01-31": -842.29,
        "2020-10-31": null,
        "2020-02-29": null,
        "2020-09-30": null,
        "2020-01-31": null,
        "2020-03-31": null,
        "2020-11-30": null,
        "2020-12-31": null,
        "2020-07-31": null,
        "2020-06-30": null,
        "2020-04-30": null,
        "2020-08-31": null,
        "2020-05-31": null
      },
      "Total Current Liabilities": {
        "2021-12-31": 3311,
        "2021-11-30": 3061.44,
        "2021-10-31": 2977.44,
        "2021-09-30": 2896.44,
        "2021-08-31": 2737.02,
        "2021-07-31": 2663.07,
        "2021-06-30": 9850.06,
        "2021-05-31": -511.2,
        "2021-04-30": 6056,
        "2021-03-31": 0,
        "2021-02-28": 0,
        "2021-01-31": 0,
        "2022-07-31": 14144.52,
        "2022-06-30": 10197.44,
        "2022-05-31": 9013.24,
        "2022-04-30": 5146.01,
        "2022-03-31": 4551.33,
        "2022-02-28": 3488.69,
        "2022-01-31": 3394.44,
        "2020-10-31": null,
        "2020-02-29": null,
        "2020-09-30": null,
        "2020-01-31": null,
        "2020-03-31": null,
        "2020-11-30": null,
        "2020-12-31": null,
        "2020-07-31": null,
        "2020-06-30": null,
        "2020-04-30": null,
        "2020-08-31": null,
        "2020-05-31": null
      },
      "Total Liabilities": {
        "2021-12-31": 3311,
        "2021-11-30": 3061.44,
        "2021-10-31": 2977.44,
        "2021-09-30": 2896.44,
        "2021-08-31": 2737.02,
        "2021-07-31": 2663.07,
        "2021-06-30": 9850.06,
        "2021-05-31": -511.2,
        "2021-04-30": 6056,
        "2021-03-31": 0,
        "2021-02-28": 0,
        "2021-01-31": 0,
        "2022-07-31": 14144.52,
        "2022-06-30": 10197.44,
        "2022-05-31": 9013.24,
        "2022-04-30": 5146.01,
        "2022-03-31": 4551.33,
        "2022-02-28": 3488.69,
        "2022-01-31": 3394.44,
        "2020-10-31": null,
        "2020-02-29": null,
        "2020-09-30": null,
        "2020-01-31": null,
        "2020-03-31": null,
        "2020-11-30": null,
        "2020-12-31": null,
        "2020-07-31": null,
        "2020-06-30": null,
        "2020-04-30": null,
        "2020-08-31": null,
        "2020-05-31": null
      },
      "Current Year Earnings": {
        "2021-12-31": -5075.17,
        "2021-11-30": -6229.36,
        "2021-10-31": -6554.36,
        "2021-09-30": -6884.36,
        "2021-08-31": -7632.94,
        "2021-07-31": -7961.99,
        "2021-06-30": -8286.28,
        "2021-05-31": -2556,
        "2021-04-30": -6056,
        "2021-03-31": 0,
        "2021-02-28": 0,
        "2021-01-31": 0,
        "2022-07-31": 14329.42,
        "2022-06-30": 6387.82,
        "2022-05-31": 5309.13,
        "2022-04-30": 3984.54,
        "2022-03-31": -4428.35,
        "2022-02-28": -3759.21,
        "2022-01-31": -4759.21,
        "2020-10-31": null,
        "2020-02-29": null,
        "2020-09-30": null,
        "2020-01-31": null,
        "2020-03-31": null,
        "2020-11-30": null,
        "2020-12-31": null,
        "2020-07-31": null,
        "2020-06-30": null,
        "2020-04-30": null,
        "2020-08-31": null,
        "2020-05-31": null
      },
      "Total Equity": {
        "2021-12-31": -5075.17,
        "2021-11-30": -6229.36,
        "2021-10-31": -6554.36,
        "2021-09-30": -6884.36,
        "2021-08-31": -7632.94,
        "2021-07-31": -7961.99,
        "2021-06-30": -8286.28,
        "2021-05-31": -2556,
        "2021-04-30": -6056,
        "2021-03-31": 0,
        "2021-02-28": 0,
        "2021-01-31": 0,
        "2022-07-31": 9901.07,
        "2022-06-30": 1959.47,
        "2022-05-31": 880.78,
        "2022-04-30": -443.81,
        "2022-03-31": -4428.35,
        "2022-02-28": -3759.21,
        "2022-01-31": -4759.21,
        "2020-10-31": null,
        "2020-02-29": null,
        "2020-09-30": null,
        "2020-01-31": null,
        "2020-03-31": null,
        "2020-11-30": null,
        "2020-12-31": null,
        "2020-07-31": null,
        "2020-06-30": null,
        "2020-04-30": null,
        "2020-08-31": null,
        "2020-05-31": null
      },
      "Computer Equipment": {
        "2022-07-31": -985.67,
        "2022-06-30": -985.67,
        "2022-05-31": -985.67,
        "2022-04-30": 1583.33,
        "2022-03-31": 0,
        "2022-02-28": 0,
        "2022-01-31": 0,
        "2021-12-31": 0,
        "2021-11-30": 0,
        "2021-10-31": 0,
        "2021-09-30": 0,
        "2021-08-31": 0,
        "2020-10-31": null,
        "2020-02-29": null,
        "2020-09-30": null,
        "2020-01-31": null,
        "2020-03-31": null,
        "2021-01-31": null,
        "2021-06-30": null,
        "2020-11-30": null,
        "2021-02-28": null,
        "2021-05-31": null,
        "2020-12-31": null,
        "2021-07-31": null,
        "2020-07-31": null,
        "2020-06-30": null,
        "2021-03-31": null,
        "2020-04-30": null,
        "2020-08-31": null,
        "2021-04-30": null,
        "2020-05-31": null
      },
      "Office Equipment": {
        "2022-07-31": 3665.63,
        "2022-06-30": 2569,
        "2022-05-31": 2569,
        "2022-04-30": 0,
        "2022-03-31": 0,
        "2022-02-28": 0,
        "2022-01-31": 0,
        "2021-12-31": 0,
        "2021-11-30": 0,
        "2021-10-31": 0,
        "2021-09-30": 0,
        "2021-08-31": 0,
        "2020-10-31": null,
        "2020-02-29": null,
        "2020-09-30": null,
        "2020-01-31": null,
        "2020-03-31": null,
        "2021-01-31": null,
        "2021-06-30": null,
        "2020-11-30": null,
        "2021-02-28": null,
        "2021-05-31": null,
        "2020-12-31": null,
        "2021-07-31": null,
        "2020-07-31": null,
        "2020-06-30": null,
        "2021-03-31": null,
        "2020-04-30": null,
        "2020-08-31": null,
        "2021-04-30": null,
        "2020-05-31": null
      },
      "Total Fixed Assets": {
        "2022-07-31": 2679.96,
        "2022-06-30": 1583.33,
        "2022-05-31": 1583.33,
        "2022-04-30": 1583.33,
        "2022-03-31": 0,
        "2022-02-28": 0,
        "2022-01-31": 0,
        "2021-12-31": 0,
        "2021-11-30": 0,
        "2021-10-31": 0,
        "2021-09-30": 0,
        "2021-08-31": 0,
        "2020-10-31": null,
        "2020-02-29": null,
        "2020-09-30": null,
        "2020-01-31": null,
        "2020-03-31": null,
        "2021-01-31": null,
        "2021-06-30": null,
        "2020-11-30": null,
        "2021-02-28": null,
        "2021-05-31": null,
        "2020-12-31": null,
        "2021-07-31": null,
        "2020-07-31": null,
        "2020-06-30": null,
        "2021-03-31": null,
        "2020-04-30": null,
        "2020-08-31": null,
        "2021-04-30": null,
        "2020-05-31": null
      },
      "Unpaid Expense Claims": {
        "2022-07-31": 150.85,
        "2022-06-30": 34.9,
        "2022-05-31": 34.9,
        "2022-04-30": 34.9,
        "2022-03-31": 0,
        "2022-02-28": 0,
        "2022-01-31": 0,
        "2021-12-31": 0,
        "2021-11-30": 0,
        "2021-10-31": 0,
        "2021-09-30": 0,
        "2021-08-31": 0,
        "2020-10-31": null,
        "2020-02-29": null,
        "2020-09-30": null,
        "2020-01-31": null,
        "2020-03-31": null,
        "2021-01-31": null,
        "2021-06-30": null,
        "2020-11-30": null,
        "2021-02-28": null,
        "2021-05-31": null,
        "2020-12-31": null,
        "2021-07-31": null,
        "2020-07-31": null,
        "2020-06-30": null,
        "2021-03-31": null,
        "2020-04-30": null,
        "2020-08-31": null,
        "2021-04-30": null,
        "2020-05-31": null
      },
      "Retained Earnings": {
        "2022-07-31": -4428.35,
        "2022-06-30": -4428.35,
        "2022-05-31": -4428.35,
        "2022-04-30": -4428.35,
        "2022-03-31": 0,
        "2022-02-28": 0,
        "2022-01-31": 0,
        "2021-12-31": 0,
        "2021-11-30": 0,
        "2021-10-31": 0,
        "2021-09-30": 0,
        "2021-08-31": 0,
        "2020-10-31": null,
        "2020-02-29": null,
        "2020-09-30": null,
        "2020-01-31": null,
        "2020-03-31": null,
        "2021-01-31": null,
        "2021-06-30": null,
        "2020-11-30": null,
        "2021-02-28": null,
        "2021-05-31": null,
        "2020-12-31": null,
        "2021-07-31": null,
        "2020-07-31": null,
        "2020-06-30": null,
        "2021-03-31": null,
        "2020-04-30": null,
        "2020-08-31": null,
        "2021-04-30": null,
        "2020-05-31": null
      }
    },
    "dates": [
      "2020-01-31",
      "2020-02-29",
      "2020-03-31",
      "2020-04-30",
      "2020-05-31",
      "2020-06-30",
      "2020-07-31",
      "2020-08-31",
      "2020-09-30",
      "2020-10-31",
      "2020-11-30",
      "2020-12-31",
      "2021-01-31",
      "2021-02-28",
      "2021-03-31",
      "2021-04-30",
      "2021-05-31",
      "2021-06-30",
      "2021-07-31",
      "2021-08-31",
      "2021-09-30",
      "2021-10-31",
      "2021-11-30",
      "2021-12-31",
      "2022-01-31",
      "2022-02-28",
      "2022-03-31",
      "2022-04-30",
      "2022-05-31",
      "2022-06-30",
      "2022-07-31"
    ],
    "from_date": 1580446800,
    "integration": "Xero",
    "workspace_id": "62bc5706a40e85213c27ce29"
  }
]